%% Saved with string encoding Unicode (ISO-8859-1) 

% ----------------------------------------------------------
%% Copied from my articles: Zucatelli
% ----------------------------------------------------------

@article{Meza_Zucatelli_Interface_2016,
	author = {M.E.M. Meza and
	F. H. G. Zucatelli},
	title = {Compensators design utilizing the frequency response methods and generating a summary report in Latex: Interactive Graphical User Interface},
	journal = {International Journal of Computer Science and Software Engineering},
	address = {USA},
	month = {Jul},
	year = {2016},
	volume = {5},
	number = {7},
	pages = {126-134},
	url = {http://ijcsse.org/published/volume5/issue7/p2-V5I7.pdf},
	urlaccessdate = {04 ago. 2016},
}

@article{Zucatelli_Meza_Fenili_LagranTexPack,
	author = {Fernando H. G. Zucatelli and Magno E.M. Meza and Andr\'{e} Fenili},
	title = {LagranTexPac: A Software Tool to Obtain the Dynamic Equations of Mechanical Systems},
	journal = {International Journal of Computer Theory and Engineering},
	address = {Canada},
	month = {Ago},
	year = {2017},
	volume = {9},
	number = {4},
	pages = {242-249},
	ISSN = {1793-8201},
	doi = {10.7763/IJCTE.2017.V9.1145},
	url = {http://www.ijcte.org/index.php?m=content&c=index&a=show&catid=87&id=1399},
	urlaccessdate = {20 jul. 2017},
}
% ----------------------------------------------------------